@book{pgaie, 
author= "Mat Buckland", 
Title = {Programming Game AI by Example}, 
publisher = "Wordware",
YEAR = 2004, 
} 